@article{key,
  author = {Supreeth Subbaraya, Andreas Breitenmoser, Artem Molchanov, Jörg Müller,
Carl Oberg, David A. Caron, and Gaurav S. Sukhatme},
  journal = {IEEE ROBOTICS & AUTOMATION MAGAZINE},
  number = {1070-9932},
  title = {Circling the Seas},
  volume = {16},
  year = {2016}
}


